<record><leader>00000cas a22000007a 4500</leader><controlfield tag="001">45278486</controlfield><controlfield tag="008">001103c20019999ksuwr n       0   a0eng c</controlfield><controlfield tag="009">467</controlfield><datafield ind1=" " ind2=" " tag="010"><subfield code="a">   00212832 </subfield></datafield><datafield ind1=" " ind2=" " tag="040"><subfield code="a">NSD</subfield><subfield code="b">eng</subfield><subfield code="c">NSD</subfield><subfield code="d">OCLCQ</subfield></datafield><datafield ind1=" " ind2=" " tag="012"><subfield code="l">r</subfield></datafield><datafield ind1="1" ind2=" " tag="022"><subfield code="a">1532-3234</subfield><subfield code="l">1532-3234</subfield><subfield code="2">1</subfield></datafield><datafield ind1="1" ind2=" " tag="029"><subfield code="a">AU@</subfield><subfield code="b">000022034311</subfield></datafield><datafield ind1=" " ind2=" " tag="037"><subfield code="b">The Tornado, Inc., 700 Massachusetts St., #203, Lawrence, KS 66044</subfield></datafield><datafield ind1=" " ind2=" " tag="042"><subfield code="a">pcc</subfield><subfield code="a">nsdp</subfield></datafield><datafield ind1="1" ind2="0" tag="050"><subfield code="a">ISSN RECORD</subfield></datafield><datafield ind1="1" ind2="0" tag="082"><subfield code="a">070</subfield><subfield code="2">13</subfield></datafield><datafield ind1="0" ind2=" " tag="130"><subfield code="a">Tornado (Lawrence, Kan.)</subfield></datafield><datafield ind1="0" ind2=" " tag="210"><subfield code="a">Tornado</subfield><subfield code="b">(Lawrence, Kan.)</subfield></datafield><datafield ind1=" " ind2="4" tag="222"><subfield code="a">The tornado</subfield><subfield code="b">(Lawrence, Kan.)</subfield></datafield><datafield ind1="0" ind2="4" tag="245"><subfield code="a">The tornado.</subfield></datafield><datafield ind1=" " ind2=" " tag="260"><subfield code="a">Lawrence, KS :</subfield><subfield code="b">The Tornado, Inc.</subfield></datafield><datafield ind1=" " ind2=" " tag="300"><subfield code="a">v.</subfield></datafield><datafield ind1=" " ind2=" " tag="310"><subfield code="a">Weekly</subfield></datafield><datafield ind1="0" ind2=" " tag="362"><subfield code="a">Vol. 1, no. 1 (Apr. 5, 2001)-</subfield></datafield><datafield ind1=" " ind2=" " tag="530"><subfield code="a">Also available online.</subfield></datafield><datafield ind1=" " ind2=" " tag="752"><subfield code="a">United States</subfield><subfield code="b">Kansas</subfield><subfield code="c">Douglas</subfield><subfield code="d">Lawrence.</subfield></datafield><datafield ind1="1" ind2=" " tag="776"><subfield code="t">Www.thetornado.net</subfield><subfield code="x">1532-3706</subfield><subfield code="w">(DLC)   00212841</subfield><subfield code="w">(OCoLC)45300717</subfield></datafield></record>